@ARTICLE{Aurell97,
   author = {E. Aurell and G. Boffetta and A. Crisanti and G. Paladin and A. Vulpiani},
    title = {Predictability in the large: an extension of the concept of Lyapunov exponent},
  journal = {J. Phys. A: Math. Gen},
     year = 1997,
   volume = 30,
    pages = {1-26},
}

@article{BanksS95,
    author = "David C. Banks and Bart A. Singer",
    title = "A Predictor-Corrector Technique for Visualizing Unsteady Flow",
    journal = "IEEE Transactions on Visualization and Computer Graphics",
    volume = "1",
    number = "2",
    pages = "151--163",
    year = "1995",
    url = "citeseer.ist.psu.edu/141466.html",
}

@BOOK{Batchelor67,
     AUTHOR = "George K. Batchelor",
     TITLE = "An Introduction to Fluid Mechanics",
     PUBLISHER = "Cambridge University Press",
     YEAR = 1967,
}
	
@book{CFX00,
	title = {CFX-5 User manual}, 
	publisher = {AEA technology, Harwell, UK}, 
	year = {2002},
}

@article{ChongPC90,
    author = "M.S. Chong and A.E. Perry and B.J. Cantwell",
    title = "A general classification of three-dimensional flow field",
    journal = "Phys. Fluids",
    volume = "A",
    number = "2",
    pages = "765",
    year = "1990",
}

@inproceedings{DoleischGH03,
 author = {Helmut Doleisch and Martin Gasser and Helwig Hauser},
 title = {Interactive feature specification for focus+context visualization of complex simulation data},
 booktitle = {VisSym '03: Symposium on Visualisation},
 year = {2003},
 isbn = {1-58113-698-6},
 pages = {239--248},
}

@BOOK{Eberly96,
     AUTHOR = "David Eberly",
     TITLE = "Ridges in Image and Data Analysis. Computational Imaging and Vision.",
     PUBLISHER = "Kluwer Academic Publishers",
     YEAR = "1996",
}

@InProceedings{Furst2001Ridges,
  author         = "J.~D. Furst and S.~M. Pizer",
  title          = "Marching Ridges",
  booktitle      = "2001 IASTED International Conference on Signal and Image Processing",
  year           = "2001",
}

@article{GotoV04,
    author = "Susumu Goto and J. C. Vassilicos",
    title = "Particle pair diffusion and persistent streamline topology in two-dimensional turbulence",
    journal = "New Journal of Physics",
    volume = "6",
    number = "65",
    year = "2004",
}

@ARTICLE{Haller01,
   author = {G. Haller},
    title = {Distinguished material surfaces and coherent structures in three-dimensional fluid flows},
  journal = {Physica D},
     year = 2001,
   volume = 149,
    pages = {248-277},
}

@techreport{HuntWM88,
  author   = {J.C.R. Hunt and A.A. Wray and P. Moin},
  title    = {Eddies, stream, and convergence zones in turbulent flows},
  institution = {Center for Turbulence Research},
  year     = {1988},
  number   = {CTR-S88}
}

@article {JeongH95,
	author=		"Jinhee Jeong and Fazle Hussain",
	journal=	"Journal of Fluid Mechanics",
	volume=		"285",
	pages=		"69--94",
	publisher=	"Cambridge University Press",
	title=		"On the Identification of a Vortex",
	year=		"1995",
}

@inproceedings{LarameeGSH06,
	author = {Robert S. Laramee and Christoph Garth and J\"urgen Schneider and Helwig Hauser},
	title = "Texture Advection on Stream Surfaces: A Novel Hybrid Visualization Applied to CFD Simulation Results",
 	booktitle = "EuroVis 2006: Symposium on Visualization",
	month = "May",
	year = "2006",
}

@article{LevyDS90,
	author = "Yuval Levy and David Degani and Arnan Seginer",
	title = "Graphical Visualization of Vortical Flows by Means of Helicity",
	journal = "AIAA",
	volume = "28",
	number = "8",
	pages = "1347--1352",
	year = "1990",
}

@inproceedings{Menter93,
	author = {Florian R. Menter}, 
	title = {Zonal two equation k-omega turbulence models for aerodynamic flows}, 
	booktitle = {24th AIAA Fluid Dynamics Conference}, 
	location = {Orlando, Florida}, 
	pages = {1--21}, 
	year = {1993},
}

@article {Moffatt1969,
	author=		"H.K. Moffatt",
	journal=	"Journal of Fluid Mechanics",
	volume=		"35",
	pages=		"117--129",
	title=		"The degree of knottedness of tangled vortex lines",
	year=		"1969",
}

@inproceedings{PeikertR99,
 author = {Ronald Peikert and Martin Roth},
 title = {The parallel vectors operator: a vector field visualization primitive},
 booktitle = {Proceedings of IEEE Visualization},
 year = {1999},
 isbn = {0-7803-5897},
 pages = {263--270},
 }

@inproceedings{SadloPP04,
  author    = {Filip Sadlo and Ronald Peikert and Etienne Parkinson},
  title     = {Vorticity Based Flow Analysis and Visualization for Pelton
               Turbine Design Optimization.},
  booktitle = {Proceedings of IEEE Visualization},
  year      = {2004},
  pages     = {179-186},
}

@article{Sadlo06vorticity,
 author = {Filip Sadlo and Ronald Peikert and Mirjam Sick},
 title = {{Visualization Tools for Vorticity Transport Analysis in Incompressible Flow}},
 journal = {IEEE Transactions on Visualization and Computer Graphics},
 volume = {12},
 number = {5},
 year = {2006},
 issn = {1077-2626},
 pages = {949--956},
 doi = {http://dx.doi.org/10.1109/TVCG.2006.199},
 publisher = {IEEE Educational Activities Department},
 address = {Piscataway, NJ, USA},
}

@article{Sadlo07ARidges,
 author = {Filip Sadlo and Ronald Peikert},
 title = {{Efficient Visualization of Lagrangian Coherent Structures by Filtered AMR Ridge Extraction}},
 year = {2007},
 month = {September-October},
 journal = {IEEE Transactions on Visualization and Computer Graphics (to appear)},
 volume = {13},
 number = {5},
}

@inproceedings{SilverW96,
  author = "Deborah Silver and Xin Wang",
  title = "Volume Tracking",
  booktitle = "Proceedings of IEEE visualization",
  pages = "157--164",
  year = "1996",
}

@InProceedings{StegmaierRE05,
  author = {Simon Stegmaier and Ulrich Rist and Thomas Ertl},
  title  = {Opening the Can of Worms: An Exploration Tool for Vortical Flows},
  year   = {2005},
  pages  = {463--470},
  booktitle = {Proceedings of IEEE Visualization '05},
}

@article{StrawnKA98,
	author = "Roger C. Strawn and David N. Kenwright and Jasim Ahmad", 
	title = "Computer Visualization of Vortex Wake Systems", 
	journal = "American Helicopter Society 54th Annual Forum", 
	location = "Washington DC", 
	month = "May",
    year = "1998",
}

@inproceedings{SujudiH95,
	author = "David Sujudi and Robert Haimes", 
	title = "Identification of swirling flow in 3D vector fields",
	booktitle = "12th AIAA Computational Fluid Dynamics Conference",
	pages = "95--1715", 
	year = "1995",
}

@article{UengSM96,
 author = {Shyh-Kuang Ueng and Christopher Sikorski and Kwan-Liu Ma},
 title = {Efficient Streamline, Streamribbon, and Streamtube Constructions on Unstructured Grids},
 journal = {IEEE Transactions on Visualization and Computer Graphics},
 volume = {2},
 number = {2},
 year = {1996},
 issn = {1077-2626},
 pages = {100--110},
}

%misc{SujudiH95,
%  author = "D. Sujudi and R. Haimes",
%  title = "Identification of swirling flow in 3D vector fields",
%  text = "D. Sujudi and R. Haimes. Identification of swirling flow in 3D vector fields. AIAA 95-1715, 1995.",
%  year = "1995",
%  url = "citeseer.ist.psu.edu/sujudi95identification.html" 
%}


%article Haralick83,
%	author = "R.M. Haralick",
%	title = "Ridges and Valleys on Digital Images",
%	journal = "Computer Vision, Graphics, and Image Processing", 
%	pages = "28--38", 
%	year = "1983",
%
